@article{lib:GooFit:main,
      author         = {Andreassen, Rolf E. and de Silva, Weeraddana Manjula and
Meadows, Brian T. and Sokoloff, Michael D. and Tomko,
Karen A.},
title          = {{Implementation of a Thread-Parallel, GPU-Friendly
Function Evaluation Library}},
journal        = {IEEE Access},
volume         = {2},
year           = {2014},
pages          = {160-176},
doi            = {10.1109/ACCESS.2014.2306895},
SLACcitation   = "%%CITATION = INSPIRE-1398156;%%"
}

@article{lib:RooFit,
	author         = {Verkerke, Wouter and Kirkby, David P.},
	title          = {{The RooFit toolkit for data modeling}},
	booktitle      = {{Statistical Problems in Particle Physics, Astrophysics
	and Cosmology (PHYSTAT 05): Proceedings, Oxford, UK,
	September 12-15, 2005}},
	journal        = {eConf},
	volume         = {C0303241},
	year           = {2003},
	pages          = {MOLT007},
	eprint         = {physics/0306116},
	archivePrefix  = {arXiv},
	primaryClass   = {physics},
	reportNumber   = {CHEP-2003-MOLT007},
	SLACcitation   = {%%CITATION = PHYSICS/0306116;%%}
}

@article{lib:GooFit:Perf,
	author         = {Pompili, Alexis and Di Florio, Adriano},
	title          = {{GPUs for statistical data analysis in HEP: a performance
	study of GooFit on GPUs vs. RooFit on CPUs}},
	booktitle      = {{Proceedings, 17th International Workshop on Advanced
	Computing and Analysis Techniques in Physics Research
	(ACAT 2016): Valparaiso, Chile, January 18-22, 2016}},
	collaboration  = {CMS},
	journal        = {J. Phys. Conf. Ser.},
	volume         = {762},
	year           = {2016},
	number         = {1},
	pages          = {012044},
	doi            = {10.1088/1742-6596/762/1/012044},
	SLACcitation   = {%%CITATION = 00462,762,012044;%%}
}

@article{lib:Minuit,
	author         = {James, F. and Roos, M.},
	title          = {{Minuit: A System for Function Minimization and Analysis
	of the Parameter Errors and Correlations}},
	journal        = {Comput. Phys. Commun.},
	volume         = {10},
	year           = {1975},
	pages          = {343-367},
	doi            = {10.1016/0010-4655(75)90039-9},
	reportNumber   = {CERN-DD-75-20},
	SLACcitation   = {%%CITATION = CPHCB,10,343;%%}
}

@misc{lib:Boost,
	author = {Boost},
	year   = {2004},
	title  = {{\em Boost C++ Libraries}},
	url = {http://www.boost.org/},
	note =  {{Version 1.65.1, accessed 2017-10-20}}
}


@misc{lib:rang,
	author = {Abhinav Gauniyal},
	year   = {2016},
	title  = {{\em Rang}},
	url = {https://agauniyal.github.io/rang}, 
	note = {{Version 2.1, accessed 2017-10-20}}
}
	
	
@misc{lib:Thrust,
	author = {Jared Hoberock and Nathan Bell},
	year   = {2010},
	title  = {{\em Thrust}},
	url = {http://thrust.github.io/}, 
	note = {{Version 1.8.2, accessed 2017-10-20}}
}

@misc{lib:oldHydra,
	title = {{\em Hydra}},
	author = {Alves Jr, A. A.},
	year = {2016},
	url = {https://github.com/MultithreadCorner/Hydra}, 
	note = {{Version 1.0.0.0, accessed 2017-10-20}}
}

@conference{lib:Hydra,
	author       = {Alves Jr, A. A.},
	title        = {{Hydra: A Framework for Data Analysis in Massively Parallel Platforms}},
	year         = {2017},
	organization = {GTC2017},
	address      = {San Jos\'e},
	note         = {{Presentation ID S7340}}
}

@misc{lib:oldMCBooster,
	title = {{\em MCBooster}},
	author = {Alves Jr, A. A.},
	year = {2016},
	url = {https://github.com/MultithreadCorner/MCBooster}, 
	note = {{Version 1.1.0, accessed 2017-10-20}}
}

@article{lib:MCBooster,
	author         = {Alves Jr, A. A. and Sokoloff, M. D.},
	title          = {{MCBooster: a library for fast Monte Carlo generation of
	phase-space decays on massively parallel platforms}},
	year           = {2017},
	eprint         = {1702.05712},
	archivePrefix  = {arXiv},
	primaryClass   = {hep-ex},
	SLACcitation   = {%%CITATION = ARXIV:1702.05712;%%}
}

@misc{lib:GooFit,
	title = {{\em GooFit}},
	author = {Andreassen, R.E. and others},
	year = {2017},
	url = {https://github.com/GooFit/GooFit},
	doi  = {10.5281/zenodo.804881}, 
	note = {{Version 2.0.0, accessed 2017-10-20}}
}

@misc{lib:CLI11,
	title = {{\em CLI11}},
	author = {Schreiner, H.F.},
	year = {2017},
	doi = {10.5281/zenodo.804965},
	url = {https://github.com/CLIUtils/CLI11}, 
	note = {{Version 1.2, accessed 2017-10-20}}
}

@misc{lib:pybind11,
	title = {{\em pybind11}},
	author = {Wenzel Jakob},
	year = {2015},
	url = {https://github.com/pybind/pybind11},
	note = {{Version 2.2.1, accessed 2017-10-20}}
}
	
@misc{lib:fmt,
	title = {{\em fmt}},
	author = {Victor Zverovich},
	year = {2012},
	url = {https://github.com/fmtlib/fmt},
	note = {{Version 4.0.0, accessed 2017-10-20}}
}

@misc{lib:CMake,
	author = {{Kitware, Inc.}},
	howpublished = {{\url{http://cmake.org}}},
	title = {{\em CMake}},
	url = {http://cmake.org/},
	year = {2012},
	note = {{Version 3.9.4, accessed 2017-10-20}}
}
@misc{lib:generics,
	title = {{\em Generics}},
	author = {NVIDIA},
	year = {2013},
	url = {https://github.com/bryancatanzaro/generics},
	note = {{Accessed 2017-10-20}}
}

@misc{lib:FeatureDetector,
	title = {{\em FeatureDetector}},
	author = {Alexander Yee},
	year = {2015},
	url = {https://github.com/Mysticial/FeatureDetector},
	note = {{Accessed 2017-10-20}}
}


@article{lib:ROOT,
	author         = {Brun, R. and Rademakers, F.},
	title          = {{ROOT: An object oriented data analysis framework}},
	booktitle      = {{New computing techniques in physics research V.
	Proceedings, 5th International Workshop, AIHENP '96,
	Lausanne, Switzerland, September 2-6, 1996}},
	journal        = {Nucl. Instrum. Meth.},
	volume         = {A389},
	year           = {1997},
	pages          = {81-86},
	doi            = {10.1016/S0168-9002(97)00048-X},
	SLACcitation   = {%%CITATION = NUIMA,A389,81;%%}
}


@inproceedings{Schreiner:2017:mg,
author = {Schreiner, Henry},
title = {{Modernizing GooFit: A Case Study}},
booktitle = {Proceedings of the Practice and Experience in Advanced Research Computing 2017 on Sustainability, Success and Impact},
series = {PEARC17},
year = {2017},
isbn = {978-1-4503-5272-7},
location = {New Orleans, LA, USA},
pages = {30:1--30:5},
articleno = {30},
numpages = {5},
url = {http://doi.acm.org/10.1145/3093338.3093364},
doi = {10.1145/3093338.3093364},
acmid = {3093364},
publisher = {ACM},
keywords = {GPU, OpenMP, PEARC17 proceedings},
}


@phdthesis{Lupton:2016iaz,
	author         = {Lupton, Oliver},
	title          = {{Studies of
	$\mathrm{D}^0\to\mathrm{K}^0_{\scriptscriptstyle\rm
	S}\mathrm{h}^{+}\mathrm{h}'^{-}$ decays at the LHCb
	experiment}},
	school         = {Oxford U.},
	year           = {2016-07-11},
	url            = {http://inspirehep.net/record/1503518/files/CERN-THESIS-2016-156.pdf},
	reportNumber   = {CERN-THESIS-2016-156},
	SLACcitation   = {%%CITATION = CERN-THESIS-2016-156;%%}
}

@inproceedings{Hasse:2017dgq,
	author         = {Hasse, C. and Albrecht, J. and Alves, Jr., A. A. and
	d'Argent, P. and Evans, T. D. and Rademacker, J. and
	Sokoloff, M. D.},
	title          = {{Amplitude analysis of four-body decays using a
	massively-parallel fitting framework}},
	booktitle      = {{22nd International Conference on Computing in High
	Energy and Nuclear Physics (CHEP 2016) San Francisco, CA,
	October 14-16, 2016}},
	year           = {2017},
	eprint         = {1702.06735},
	archivePrefix  = {arXiv},
	primaryClass   = {hep-ex},
	SLACcitation   = {%%CITATION = ARXIV:1702.06735;%%}
}

@inproceedings{Sun:2017wtf,
	author         = {Sun, Liang and Aoude, Rafael and dos Reis, Alberto Correa
	and Sokoloff, Michael David},
	title          = {{Model-independent partial wave analysis using a
	massively-parallel fitting framework}},
	booktitle      = {{22nd International Conference on Computing in High
	Energy and Nuclear Physics (CHEP 2016) San Francisco, CA,
	October 14-16, 2016}},
	year           = {2017},
	eprint         = {1703.03284},
	archivePrefix  = {arXiv},
	primaryClass   = {physics.data-an},
	SLACcitation   = {%%CITATION = ARXIV:1703.03284;%%}
}

@article{TheBABAR:2016gom,
	author         = {Lees, J. P. and others},
	title          = {{Measurement of the neutral $D$ meson mixing parameters
	in a time-dependent amplitude analysis of the
	$D^0\to\pi^+\pi^-\pi^0$ decay}},
	collaboration  = {BaBar},
	journal        = {Phys. Rev.},
	volume         = {D93},
	year           = {2016},
	number         = {11},
	pages          = {112014},
	doi            = {10.1103/PhysRevD.93.112014},
	eprint         = {1604.00857},
	archivePrefix  = {arXiv},
	primaryClass   = {hep-ex},
	reportNumber   = {BABAR-PUB-15-009, SLAC-PUB-16505},
	SLACcitation   = {%%CITATION = ARXIV:1604.00857;%%}
}

@article{Aaij:2015lsa,
	author         = {Aaij, Roel and others},
	title          = {{Studies of the resonance structure in $D^0\to K^0_S
	K^{\pm}\pi^{\mp}$ decays}},
	collaboration  = {LHCb},
	journal        = {Phys. Rev.},
	volume         = {D93},
	year           = {2016},
	number         = {5},
	pages          = {052018},
	doi            = {10.1103/PhysRevD.93.052018},
	eprint         = {1509.06628},
	archivePrefix  = {arXiv},
	primaryClass   = {hep-ex},
	reportNumber   = {CERN-PH-EP-2015-238, LHCB-PAPER-2015-026},
	SLACcitation   = {%%CITATION = ARXIV:1509.06628;%%}
}

@inproceedings{Reichert:2015zfa,
	author         = {Reichert, Stefanie},
	title          = {{Discovering Matter-Antimatter Asymmetries with GPUs}},
	booktitle      = {{Proceedings, GPU Computing in High-Energy Physics
	(GPUHEP2014): Pisa, Italy, September 10-12, 2014}},
	collaboration  = {LHCb},
	year           = {2015},
	url            = {http://inspirehep.net/record/1386631/files/25.pdf},
	pages          = {137-142},
	doi            = {10.3204/DESY-PROC-2014-05/25},
	SLACcitation   = {%%CITATION = INSPIRE-1386631;%%}
}
@inproceedings{Reichert:2013ewa,
	author         = {Reichert, Stefanie},
	title          = {{Time-dependent amplitude analysis of
	semileptonically-tagged D0 -> KS0 pi+ pi- decays at LHCb}},
	booktitle      = {{Proceedings, 6th International Workshop on Charm Physics
	(Charm 2013): Manchester, UK, August 31-September 4,
	2013}},
	collaboration  = {LHCb},
	url            = {http://inspirehep.net/record/1264020/files/arXiv:1311.2449.pdf},
	year           = {2013},
	eprint         = {1311.2449},
	archivePrefix  = {arXiv},
	primaryClass   = {hep-ex},
	SLACcitation   = {%%CITATION = ARXIV:1311.2449;%%}
}
@phdthesis{Reichert:2015auv,
	author         = {Reichert, Stefanie},
	title          = {{Measurement of the mixing parameters of neutral charm
	mesons and search for indirect $CP$ violation with $D^0
	\to K^0_S \pi^+ \pi^-$ decays at LHCb}},
	school         = {Dortmund U.},
	year           = {2015-12-18},
	url            = {http://inspirehep.net/record/1503629/files/CERN-THESIS-2015-348.pdf},
	reportNumber   = {CERN-THESIS-2015-348},
	SLACcitation   = {%%CITATION = CERN-THESIS-2015-348;%%}
}
